@online{DetDat,
  author = {Caltech},
  title = {Detonation Database -- {Cell} Width - {H2} Fuel},
  year = 2002,
  url = {http://shepherd.caltech.edu/detn_db/html/db_121.html},
  urldate = {2017-08-10}
}

@article{Guirao,
  title={Hydrogen-air detonations},
  author={Guirao, C.M.
 and Knystautas, R.
  and Lee, J.
  and Benedick, W.
  and Berman, M.},
  journal={19th Symp. Int. Combust. Proc.},
  pages={583--590},
  year={1982},
  publisher={Elsevier}
}

@article{G_Summary,
  title={A Summary of Hydrogen-Air Detonation Experiments},
  author={Guirao, C.M.
 and Knystautas, R.
  and Lee, J.},
  pages={1},
  year={1987},
  publisher={U.S. Nuclear Regulatory Commision}
}

@article{Ciccarelli,
  title={Detonation cell size measurements and predictions in hydrogen-air-steam mixtures at elevated temperatures.},
  author={Ciccarelli, G.
  and Ginsberg, T.
  and Boccio, J.
  and Economos, C.
  and Sato, K. 
  and Kinoshita, M.},
  journal={Combust. Flame},
  volume={99(2)},
  pages={212--220},
  year={1994},
  publisher={Elsevier}
}

@article{Remy,
  title={Induction Delay Times and Detonation Cell Size Prediction of Hydrogen-Nitrous Oxide-Diluent Mixtures},
  author={Rémy Mével and Fabien Lafosse and Laurent Catoire and Nabiha
Chaumeix and Gabrielle Dupré and Claude-Etienne Paillard},
  journal={Combustion Science and Technology},
  volume={180:10-11},
  pages={1858-1875},
  year={2008},
}


